<?xml version="1.0" encoding="UTF-8"?><collection xmlns="http://www.loc.gov/MARC21/slim"><record><leader>00430nam--2200157-i-4500</leader><controlfield tag="001">000009538</controlfield><controlfield tag="002">20161230</controlfield><controlfield tag="005">20170208134154</controlfield><controlfield tag="008">060222s1000------------r-----000-0-eng-d</controlfield><datafield ind1=" " ind2=" " tag="100"><subfield code="a">Dagbjartsson, B</subfield></datafield><datafield ind1=" " ind2=" " tag="245"><subfield code="a">Radurization of scampi, shrimp and cod</subfield></datafield><datafield ind1=" " ind2=" " tag="260"><subfield code="a">Vienna</subfield><subfield code="b">International Atomic Energy Agency</subfield><subfield code="c">1971</subfield></datafield><datafield ind1=" " ind2=" " tag="300"><subfield code="a">93 p</subfield></datafield><datafield ind1=" " ind2=" " tag="490"><subfield code="a">Technical Reports Series</subfield></datafield><datafield ind1=" " ind2=" " tag="700"><subfield code="a">Hannesson, G</subfield></datafield><datafield ind1=" " ind2=" " tag="CAT"><subfield code="a">SYS</subfield><subfield code="c">20170208</subfield><subfield code="h">134154</subfield></datafield></record></collection>